@book{hofmann-wellenhof2007gnss,
	title="GNSS - Global Navigation Satellite Systems: GPS, GLONASS, Galileo, and more",
	author="B. {Hofmann-Wellenhof} and Herbert {Lichtenegger} and Elmar {Wasle}",
	notes="Sourced from Microsoft Academic - https://academic.microsoft.com/paper/629575385",
	year="2007",
	publisher="Springer Science \& Business Media",
	pages="431--466",
	type = {Book}
}

@book{teunissen2017springer,
	title="Springer Handbook of Global Navigation Satellite Systems",
	author="Peter J.G. {Teunissen} and Oliver {Montenbruck}",
	notes="Sourced from Microsoft Academic - https://academic.microsoft.com/paper/2625043143",
	year="2017",
	publisher="Springer",
	pages="1011--1204"
}

@inproceedings{abadi2016tensorflow,
	title={Tensorflow: A system for large-scale machine learning},
	author={Abadi, Mart{\'\i}n and Barham, Paul and Chen, Jianmin and Chen, Zhifeng and Davis, Andy and Dean, Jeffrey and Devin, Matthieu and Ghemawat, Sanjay and Irving, Geoffrey and Isard, Michael and others},
	booktitle={12th $\{$USENIX$\}$ symposium on operating systems design and implementation ($\{$OSDI$\}$ 16)},
	pages={265--283},
	year={2016}
}
@book{gulli2017deep,
	title={Deep learning with Keras},
	author={Gulli, Antonio and Pal, Sujit},
	year={2017},
	publisher={Packt Publishing Ltd}
}
@article{pedregosa2011scikit,
	title={Scikit-learn: Machine learning in Python},
	author={Pedregosa, Fabian and Varoquaux, Ga{\"e}l and Gramfort, Alexandre and Michel, Vincent and Thirion, Bertrand and Grisel, Olivier and Blondel, Mathieu and Prettenhofer, Peter and Weiss, Ron and Dubourg, Vincent and others},
	journal={the Journal of machine Learning research},
	volume={12},
	pages={2825--2830},
	year={2011},
	publisher={JMLR. org}
}
@article{chang2011libsvm,
	title={LIBSVM: A library for support vector machines},
	author={Chang, Chih-Chung and Lin, Chih-Jen},
	journal={ACM transactions on intelligent systems and technology (TIST)},
	volume={2},
	number={3},
	pages={1--27},
	year={2011},
	publisher={Acm New York, NY, USA}
}

@inbook{handbookigs,
	author = {Johnston, G., A. R. Riddell and G. Hausler, Eds},
	title = {The International GNSS Service},
	booktitle = {Springer Handbook of Global Navigation Satellite Systems},
	publisher = {Springer},
	address = {Cham, Switzerland},
	pages = {967-981},
	year = {2017},
	type = {Book Section}
}


@book{jin2014gnss,
	title="GNSS Remote Sensing",
	author="Shuanggen {Jin} and Estel {Cardellach} and Feiqin {Xie}",
	notes="Sourced from Microsoft Academic - https://academic.microsoft.com/paper/2483834655",
	year="2014",
	publisher="Springer",
	pages="33--170"
}
@article{kouba2001precise,
	title="Precise Point Positioning Using IGS Orbit and Clock Products",
	author="Jan {Kouba} and Pierre {Héroux}",
	journal="Gps Solutions",
	volume="5",
	number="2",
	pages="12--28",
	notes="Sourced from Microsoft Academic - https://academic.microsoft.com/paper/2084389047",
	year="2001"
}
@article{zumberge1997precise,
	title="Precise point positioning for the efficient and robust analysis of GPS data from large networks",
	author="J. F. {Zumberge} and M. B. {Heflin} and D. C. {Jefferson} and M. M. {Watkins} and F. H. {Webb}",
	journal="Journal of Geophysical Research",
	volume="102",
	number="3",
	pages="5005--5017",
	notes="Sourced from Microsoft Academic - https://academic.microsoft.com/paper/2060803307",
	year="1997"
}
@article{SN2019,
   author = {Shen, Nan and Chen, Liang and Liu, Jingbin and Wang, Lei and Tao, Tingye and Wu, Dewen and Chen, Ruizhi},
	title = {A {Review of Global Navigation Satellite System} {(GNSS)}-based{ Dynamic Monitoring Technologies for Structural Health Monitoring}},
	journal = {Remote Sensing},
	volume = {11},
	number = {9},
	pages = {1001},
	year = {2019},
	type = {Journal Article}
}
@article{Shen2020,
	author={Shen, Nan
	and Chen, Liang
	and Wang, Lei
	and Lu, Xiangchen
	and Tao, Tingye
	and Yan, Jun
	and Chen, Ruizhi},
	title={Site-specific real-time GPS multipath mitigation based on coordinate time series window matching},
	journal={GPS Solutions},
	year={2020},
	month={Jun},
	day={19},
	volume={24},
	number={3},
	pages={82},
	issn={1521-1886}
}

@article{wang2015a,
	title="A new ambiguity acceptance test threshold determination method with controllable failure rate",
	author="Lei {Wang} and Sandra {Verhagen}",
	journal="Journal of Geodesy",
	volume="89",
	number="4",
	pages="361--375",
	notes="Sourced from Microsoft Academic - https://academic.microsoft.com/paper/2034135516",
	year="2015"
}

@article{wang2017reliability,
	title="Reliability control of single-epoch RTK ambiguity resolution",
	author="Lei {Wang} and Yanming {Feng} and Jiming {Guo}",
	journal="Gps Solutions",
	volume="21",
	number="2",
	pages="591--604",
	notes="Sourced from Microsoft Academic - https://academic.microsoft.com/paper/2464844471",
	year="2017"
}

@article{wang2013real,
	title="Real-time assessment of GNSS observation noise with single receivers",
	author="Lei {Wang} and Yanming {Feng} and Charles {Wang}",
	journal="Journal of Global Positioning Systems",
	notes="Sourced from Microsoft Academic - https://academic.microsoft.com/paper/265279856",
	year="2013"
}





@article{teunissen1995the,
	title="The least-squares ambiguity decorrelation adjustment: a method for fast {GPS} integer ambiguity estimation",
	author="P. J. G. {Teunissen}",
	journal="Journal of Geodesy",
	volume="70",
	number="1",
	pages="65--82",
	notes="Sourced from Microsoft Academic - https://academic.microsoft.com/paper/2095093213",
	year="1995"
}
@article{saastamoinen2013atmospheric,
	title="Atmospheric Correction for the Troposphere and Stratosphere in Radio Ranging Satellites",
	author="J. {Saastamoinen}",
	journal="The Use of Artificial Satellites for Geodesy",
	volume="15",
	pages="247--251",
	notes="Sourced from Microsoft Academic - https://academic.microsoft.com/paper/1535176033",
	year="2013"
}

@article{klobuchar1987ionospheric,
	title="Ionospheric Time-Delay Algorithm for Single-Frequency {GPS} Users",
	author="John A. {Klobuchar}",
	journal="IEEE Transactions on Aerospace and Electronic Systems",
	volume="23",
	number="3",
	pages="325--331",
	notes="Sourced from Microsoft Academic - https://academic.microsoft.com/paper/2058160370",
	year="1987"
}

@article{hoque2007higher,
	title="Higher order ionospheric effects in precise GNSS positioning",
	author="Mohammed Mainul {Hoque} and Norbert {Jakowski}",
	journal="Journal of Geodesy",
	volume="81",
	number="4",
	pages="259--268",
	notes="Sourced from Microsoft Academic - https://academic.microsoft.com/paper/2076668783",
	year="2007"
}


@article{lau2007development,
	title="Development and testing of a new ray-tracing approach to {GNSS} carrier-phase multipath modelling",
	author="Lawrence {Lau} and Paul {Cross}",
	journal="Journal of Geodesy",
	volume="81",
	number="11",
	pages="713--732",
	notes="Sourced from Microsoft Academic - https://academic.microsoft.com/paper/2071758630",
	year="2007"
}

@article{choi2004modified,
	title="Modified sidereal filtering: Implications for high-rate {GPS} positioning",
	author="Kyuhong {Choi} and Andria {Bilich} and Kristine M. {Larson} and Penina {Axelrad}",
	journal="Geophysical Research Letters",
	volume="31",
	number="22",
	notes="Sourced from Microsoft Academic - https://academic.microsoft.com/paper/2004547646",
	year="2004"
}


@article{ragheb2007gps,
	title="{GPS} sidereal filtering: coordinate- and carrier-phase-level strategies",
	author="A. E. {Ragheb} and P. J. {Clarke} and S. J. {Edwards}",
	journal="Journal of Geodesy",
	volume="81",
	number="5",
	pages="325--335",
	notes="Sourced from Microsoft Academic - https://academic.microsoft.com/paper/2145643726",
	year="2007"
}


@article{dong2016mitigation,
	title="Mitigation of multipath effect in {GNSS} short baseline positioning by the multipath hemispherical map",
	author="D. {Dong} and M. {Wang} and W. {Chen} and Z. {Zeng} and L. {Song} and Q. {Zhang} and M. {Cai} and Y. {Cheng} and J. {Lv}",
	journal="Journal of Geodesy",
	volume="90",
	number="3",
	pages="255--262",
	notes="Sourced from Microsoft Academic - https://academic.microsoft.com/paper/2188692557",
	year="2016"
}

@article{chen2012mobile,
	title="Mobile Tracking in Mixed Line-of-Sight/Non-Line-of-Sight Conditions: Algorithm and Theoretical Lower Bound",
	author="Liang {Chen} and Simo {Ali-Löytty} and Robert {Piché} and Lenan {Wu}",
	journal="Wireless Personal Communications",
	volume="65",
	number="4",
	pages="753--771",
	notes="Sourced from Microsoft Academic - https://academic.microsoft.com/paper/2069678666",
	year="2012"
}

@article{chen2014adaptive,
	title="Adaptive mobile tracking in unknown non-line-of-sight conditions with application to digital TV networks",
	author="Liang {Chen} and Robert {Piché} and Heidi {Kuusniemi} and Ruizhi {Chen}",
	journal="EURASIP Journal on Advances in Signal Processing",
	volume="2014",
	number="1",
	pages="22",
	notes="Sourced from Microsoft Academic - https://academic.microsoft.com/paper/2152303844",
	year="2014"
}
@article{chen2017robustness,
	title={Robustness, security and privacy in location-based services for future IoT: A survey},
	author={Chen, Liang and Thombre, Sarang and J{\"a}rvinen, Kimmo and Lohan, Elena Simona and Al{\'e}n-Savikko, Anette and Lepp{\"a}koski, Helena and Bhuiyan, M Zahidul H and Bu-Pasha, Shakila and Ferrara, Giorgia Nunzia and Honkala, Salomon and others},
	journal={IEEE Access},
	volume={5},
	pages={8956--8977},
	year={2017},
	publisher={IEEE}
}



@inproceedings{verhagen2012challenges,
	title="Challenges in ambiguity resolution: Biases, weak models, and dimensional curse",
	author="Sandra {Verhagen} and Christian {Tiberius} and Bofeng {Li} and Peter J. G. {Teunissen}",
	booktitle="2012 6th ESA Workshop on Satellite Navigation Technologies (Navitec 2012) \& European Workshop on GNSS Signals and Signal Processing",
	pages="1--8",
	notes="Sourced from Microsoft Academic - https://academic.microsoft.com/paper/2079344486",
	year="2012"
}
@article{li2014robustness,
	title="Robustness of {GNSS} integer ambiguity resolution in the presence of atmospheric biases",
	author="Bofeng {Li} and Sandra {Verhagen} and Peter J. {Teunissen}",
	journal="Gps Solutions",
	volume="18",
	number="2",
	pages="283--296",
	notes="Sourced from Microsoft Academic - https://academic.microsoft.com/paper/2045633106",
	year="2014"
}
@article{bona2000precision,
	title="Precision, Cross Correlation, and Time Correlation of {GPS} Phase and Code Observations",
	author="Peter {Bona}",
	journal="Gps Solutions",
	volume="4",
	number="2",
	pages="3--13",
	notes="Sourced from Microsoft Academic - https://academic.microsoft.com/paper/2320277068",
	year="2000"
}
@article{zhang2017comparison,
	title="Comparison and analysis of unmodelled errors in {GPS and BeiDou} signals",
	author="Zhetao {Zhang} and Bofeng {Li} and Yunzhong {Shen}",
	journal="Geodesy and Geodynamics",
	volume="8",
	number="1",
	pages="41--48",
	notes="Sourced from Microsoft Academic - https://academic.microsoft.com/paper/2552980656",
	year="2017"
}

@article{zhang2018site,
	title="Site-Specific Unmodeled Error Mitigation for {GNSS} Positioning in Urban Environments Using a Real-Time Adaptive Weighting Model",
	author="Zhetao {Zhang} and Bofeng {Li} and Yunzhong {Shen} and Yang {Gao} and Miaomiao {Wang}",
	journal="Remote Sensing",
	volume="10",
	number="7",
	pages="1157",
	notes="Sourced from Microsoft Academic - https://academic.microsoft.com/paper/2883884925",
	year="2018"
}

@article{li2018a,
	title="A procedure for the significance testing of unmodeled errors in {GNSS} observations",
	author="Bofeng {Li} and Zhetao {Zhang} and Yunzhong {Shen} and Ling {Yang}",
	journal="Journal of Geodesy",
	volume="92",
	number="10",
	pages="1171--1186",
	notes="Sourced from Microsoft Academic - https://academic.microsoft.com/paper/2790072365",
	year="2018"
}

@article{zhang2020unmodeled,
	title="Unmodeled error mitigation for single-frequency {multi-GNSS} precise positioning based on multi-epoch partial parameterization",
	author="Zhetao {Zhang} and Bofeng {Li}",
	journal="Measurement Science and Technology",
	volume="31",
	number="2",
	pages="25008",
	notes="Sourced from Microsoft Academic - https://academic.microsoft.com/paper/2980187550",
	year="2020"
}

@article{wdowinski1997southern,
	title="Southern {California} permanent {GPS} geodetic array: Spatial filtering of daily positions for estimating coseismic and postseismic displacements induced by the 1992 Landers earthquake",
	author="Shimon {Wdowinski} and Yehuda {Bock} and Jie {Zhang} and Peng {Fang} and Joachim {Genrich}",
	journal="Journal of Geophysical Research",
	volume="102",
	number="8",
	pages="18057--18070",
	notes="Sourced from Microsoft Academic - https://academic.microsoft.com/paper/2038589235",
	year="1997"
}

@article{wold1987principal,
	title={Principal component analysis},
	author={Wold, Svante and Esbensen, Kim and Geladi, Paul},
	journal={Chemometrics and intelligent laboratory systems},
	volume={2},
	number={1-3},
	pages={37--52},
	year={1987},
	publisher={Elsevier}
}
@article{kirby1990application,
	title={Application of the Karhunen-Loeve procedure for the characterization of human faces},
	author={Kirby, Michael and Sirovich, Lawrence},
	journal={IEEE Transactions on Pattern analysis and Machine intelligence},
	volume={12},
	number={1},
	pages={103--108},
	year={1990},
	publisher={IEEE}
}

@article{dong2006spatiotemporal,
	title="Spatiotemporal filtering using principal component analysis and {Karhunen-Loeve} expansion approaches for regional {GPS} network analysis",
	author="D. {Dong} and P. {Fang} and Y. {Bock} and F. {Webb} and L. {Prawirodirdjo} and S. {Kedar} and P. {Jamason}",
	journal="Journal of Geophysical Research",
	volume="111",
	notes="Sourced from Microsoft Academic - https://academic.microsoft.com/paper/1964466148",
	year="2006"
}

@article{li2017denoising,
	title="Denoising effect of multiscale multiway analysis on high-rate {GPS} observations",
	author="Yanyan {Li} and Caijun {Xu} and Lei {Yi}",
	journal="Gps Solutions",
	volume="21",
	number="1",
	pages="31--41",
	notes="Sourced from Microsoft Academic - https://academic.microsoft.com/paper/2177679931",
	year="2017"
}

@article{liyanyan2018a,
	title="A data-driven approach for denoising {GNSS} position time series",
	author="Yanyan {Li} and Caijun {Xu} and Lei {Yi} and Rongxin {Fang}",
	journal="Journal of Geodesy",
	volume="92",
	number="8",
	pages="905--922",
	notes="Sourced from Microsoft Academic - https://academic.microsoft.com/paper/2774567168",
	year="2018"
}

@book{goodfellow2016deep,
	title={Deep learning},
	author={Goodfellow, Ian and Bengio, Yoshua and Courville, Aaron},
	year={2016},
	publisher={MIT press},
	pages="330--371"
}

@article{zhang2018visual,
	title="Visual interpretability for deep learning: a survey",
	author="Quanshi Zhang and Songchun Zhu",
	journal="Journal of Zhejiang University Science C",
	volume="19",
	number="1",
	pages="27--39",
	notes="Sourced from Microsoft Academic - https://academic.microsoft.com/paper/2963374347",
	year="2018"
}

@book{buduma2017fundamentals,
	title={Fundamentals of deep learning: Designing next-generation machine intelligence algorithms},
	author={Buduma, Nikhil and Locascio, Nicholas},
	year={2017},
	publisher={O'Reilly Media, Inc.},
	pages="12--16"
}

@inproceedings{nair2010rectified,
	title="Rectified Linear Units Improve Restricted {Boltzmann} Machines",
	author="Vinod {Nair} and Geoffrey E. {Hinton}",
	booktitle="Proceedings of the 27th International Conference on Machine Learning",
	pages="807--814",
	notes="Sourced from Microsoft Academic - https://academic.microsoft.com/paper/1665214252",
	year="2010"
}

@article{lecun1998convolutional,
	title="Convolutional networks for images, speech, and time series",
	author="Yann {LeCun} and Yoshua {Bengio}",
	journal="The handbook of brain theory and neural networks",
	pages="255--258",
	notes="Sourced from Microsoft Academic - https://academic.microsoft.com/paper/1538131130",
	year="1998"
}

@article{rumelhart1988learning,
	title="Learning representations by back-propagating errors",
	author="David E. {Rumelhart} and Geoffrey E. {Hinton} and Ronald J. {Williams}",
	journal="Nature",
	volume="323",
	number="6088",
	pages="696--699",
	notes="Sourced from Microsoft Academic - https://academic.microsoft.com/paper/1498436455",
	year="1988"
}

@inproceedings{kingma2015adam,
	title="Adam: A Method for Stochastic Optimization",
	author="Diederik P. {Kingma} and Jimmy Lei {Ba}",
	booktitle="ICLR 2015 : International Conference on Learning Representations 2015",
	notes="Sourced from Microsoft Academic - https://academic.microsoft.com/paper/2964121744",
	year="2015"
}

@incollection{prechelt1998early,
	title={Early stopping-but when?},
	author={Prechelt, Lutz},
	booktitle={Neural Networks: Tricks of the trade},
	pages={55--69},
	year={1998},
	publisher={Springer}
}

@article{srivastava2014dropout,
	title="Dropout: a simple way to prevent neural networks from overfitting",
	author="Nitish {Srivastava} and Geoffrey {Hinton} and Alex {Krizhevsky} and Ilya {Sutskever} and Ruslan {Salakhutdinov}",
	journal="Journal of Machine Learning Research",
	volume="15",
	number="1",
	pages="1929--1958",
	notes="Sourced from Microsoft Academic - https://academic.microsoft.com/paper/2095705004",
	year="2014"
}

@inproceedings{caruana1993multitask,
	title="Multitask learning: a knowledge-based source of inductive bias",
	author="Rich {Caruana}",
	booktitle="ICML'93 Proceedings of the Tenth International Conference on International Conference on Machine Learning",
	pages="41--48",
	notes="Sourced from Microsoft Academic - https://academic.microsoft.com/paper/1614862348",
	year="1993"
}

@article{breiman2001random,
	title="Random Forests",
	author="Leo {Breiman}",
	journal="Machine Learning archive",
	volume="45",
	number="1",
	pages="5--32",
	notes="Sourced from Microsoft Academic - https://academic.microsoft.com/paper/2911964244",
	year="2001"
}

@book{breiman1983classification,
	title="Classification and Regression Trees",
	author="Leo {Breiman}",
	notes="Sourced from Microsoft Academic - https://academic.microsoft.com/paper/1594031697",
	pages="216--270",
	year="1983",
	publisher={CRC press}
}

@article{breiman1996bagging,
	title="Bagging predictors",
	author="Leo {Breiman}",
	journal="Machine Learning archive",
	volume="24",
	number="2",
	pages="123",
	notes="Sourced from Microsoft Academic - https://academic.microsoft.com/paper/2912934387",
	year="1996"
}

@book{hastie2009elements,
	title={The elements of statistical learning: data mining, inference, and prediction},
	author={Hastie, Trevor and Tibshirani, Robert and Friedman, Jerome},
	year={2009},
	pages="417--452",
	publisher={Springer Science \& Business Media}
}

@article{smola2004a,
	title="A tutorial on support vector regression",
	author="Alex J. {Smola} and Bernhard {Schölkopf}",
	journal="Statistics and Computing",
	volume="14",
	number="3",
	pages="199--222",
	notes="Sourced from Microsoft Academic - https://academic.microsoft.com/paper/1964357740",
	year="2004"
}

@book{addison2017illustrated,
	title={The illustrated wavelet transform handbook: introductory theory and applications in science, engineering, medicine and finance},
	author={Addison, Paul S},
	year={2017},
	pages="1--91",
	publisher={CRC press}
}

@article{allen1977short,
	title="Short Term Spectral Analysis, Modification by Discrete Fourier Transform",
	author="Jont B. {Allen}",
	journal="IEEE Transactions on Acoustics, Speech, Signal Processing",
	notes="Sourced from Microsoft Academic - https://academic.microsoft.com/paper/2186990003",
	volume="ASSP-25",
	pages="235--238",
	year="1977"
}

@book{ruch2009wavelet,
	title="Wavelet Theory: An Elementary Approach with Applications",
	author="David K. {Ruch} and Patrick J. Van {Fleet}",
	notes="Sourced from Microsoft Academic - https://academic.microsoft.com/paper/612828185",
	pages="85--172",
	year="2009",
	publisher={John Wiley \& Sons}
}

@article{torrence1998a,
	title="A practical guide to wavelet analysis",
	author="Christopher {Torrence} and Gilbert P. {Compo}",
	journal="Bulletin of the American Meteorological Society",
	volume="79",
	number="1",
	pages="61--78",
	notes="Sourced from Microsoft Academic - https://academic.microsoft.com/paper/2034139177",
	year="1998"
}







@article{grinsted2004application,
	title="Application of the cross wavelet transform and wavelet coherence to geophysical time series",
	author="A. {Grinsted} and J. C. {Moore} and S. {Jevrejeva}",
	journal="Nonlinear Processes in Geophysics",
	volume="11",
	pages="561--566",
	notes="Sourced from Microsoft Academic - https://academic.microsoft.com/paper/2124459709",
	year="2004"
}

@article{takasu2011rtklib,
	title={RTKLIB: An open source program package for GNSS positioning},
	author={Takasu, T},
	journal={Tech. Rep., 2013. Software and documentation},
	year={2011}
}

@article{li1996multiresolution,
	title="Multiresolution approximation of the gravity field",
	author="Zuofa {Li}",
	journal="Journal of Geodesy",
	volume="70",
	number="11",
	pages="731--739",
	notes="Sourced from Microsoft Academic - https://academic.microsoft.com/paper/1984071086",
	year="1996"
}

@article{freeden1998an,
	title="An integrated wavelet concept of physical geodesy",
	author="Willi {Freeden} and F. {Schneider}",
	journal="Journal of Geodesy",
	volume="72",
	number="5",
	pages="259--281",
	notes="Sourced from Microsoft Academic - https://academic.microsoft.com/paper/2087942348",
	year="1998"
}

@article{fengler2006wavelet,
	title="Wavelet Modeling of Regional and Temporal Variations of the Earth’s Gravitational Potential Observed by GRACE",
	author="M. J. {Fengler} and W. {Freeden} and A. {Kohlhaas} and V. {Michel} and T. {Peters}",
	journal="Journal of Geodesy",
	volume="81",
	number="1",
	pages="5--15",
	notes="Sourced from Microsoft Academic - https://academic.microsoft.com/paper/1981486729",
	year="2006"
}

@article{hu2005wavelet,
	title="Wavelet filter analysis of local atmospheric pressure effects on gravity variations",
	author="X.-G {Hu} and L.-T {Liu} and J. {Hinderer} and H.-P {Sun}",
	journal="Journal of Geodesy",
	volume="79",
	number="8",
	pages="447--459",
	notes="Sourced from Microsoft Academic - https://academic.microsoft.com/paper/2039849891",
	year="2005"
}
@article{soltanpour2006the,
	title="The Use of Second-generation Wavelets to Combine a Gravimetric Quasigeoid Model with GPS-levelling Data",
	author="A. {Soltanpour} and H. {Nahavandchi} and Will {Featherstone}",
	journal="Journal of Geodesy",
	volume="80",
	number="2",
	pages="82--93",
	notes="Sourced from Microsoft Academic - https://academic.microsoft.com/paper/2068775786",
	year="2006"
}

@article{waveletapppolar2001,
	author = {Schuh, H. and Nagel, S. and Seitz, T.},
	year = {2001},
	month = {03},
	pages = {701-710},
	title = {Linear drift and periodic variations observed in long time series of polar motion},
	volume = {74},
	journal = {Journal of Geodesy},
	doi = {10.1007/s001900000133}
}

@article{waveletdem2003,
	author = {Beyer, G.},
	year = {2003},
	month = {02},
	pages = {557-568},
	title = {Terrain inclination and curvature from wavelet coefficients - Approximation formulae for the relief},
	volume = {76},
	journal = {Journal of Geodesy},
	doi = {10.1007/s00190-002-0278-1}
}

@article{waveletrepresention2005,
	author = {Mautz, R. and Ping, Jinsong and Heki, Kosuke and Schaffrin, B. and Shum, C.K. and Potts, Laramie},
	year = {2005},
	month = {05},
	pages = {662-667},
	title = {Efficient spatial and temporal representations of global ionosphere maps over Japan using B-spline wavelets},
	volume = {78},
	journal = {Journal of Geodesy},
	doi = {10.1007/s00190-004-0432-z}
}

@article{shen2019review,
	title={A review of global navigation satellite system (GNSS)-based dynamic monitoring technologies for structural health monitoring},
	author={Shen, Nan and Chen, Liang and Liu, Jingbin and Wang, Lei and Tao, Tingye and Wu, Dewen and Chen, Ruizhi},
	journal={Remote Sensing},
	volume={11},
	number={9},
	pages={1001},
	year={2019},
	publisher={Multidisciplinary Digital Publishing Institute}
}

@article{li2010deformation,
	title="Deformation Detection in the GPS Real-Time Series by the Multiple Kalman Filters Model",
	author="Lihua {Li} and Heiner {Kuhlmann}",
	journal="Journal of Surveying Engineering-asce",
	volume="136",
	number="4",
	pages="157--164",
	notes="Sourced from Microsoft Academic - https://academic.microsoft.com/paper/1970748367",
	year="2010"
}

@article{cina2015performance,
	title="Performance of low-cost GNSS receiver for landslides monitoring: test and results",
	author="Alberto {Cina} and Marco {Piras}",
	journal="Geomatics, Natural Hazards and Risk",
	volume="6",
	pages="497--514",
	notes="Sourced from Microsoft Academic - https://academic.microsoft.com/paper/2107580499",
	year="2015"
}

@inproceedings{han1997multipathi,
	title="Multipath effects on GPS in mine environments",
	author="Shaowei {Han} and Chris {Rizos}",
	booktitle="10th international congress of the International Society for
	Mine Surveying Fremantle",
	address="Australia",
	year="1997"
}

@article{ge2008resolution,
	title={Resolution of GPS carrier-phase ambiguities in precise point positioning (PPP) with daily observations},
	author={Ge, Maorong and Gendt, Gerd and Rothacher, Met al and Shi, C and Liu, J},
	journal={Journal of geodesy},
	volume={82},
	number={7},
	pages={389--399},
	year={2008},
	publisher={Springer}
}

@inproceedings{castro2018end,
	title={End-to-end incremental learning},
	author={Castro, Francisco M and Mar{\'\i}n-Jim{\'e}nez, Manuel J and Guil, Nicol{\'a}s and Schmid, Cordelia and Alahari, Karteek},
	booktitle={Proceedings of the European conference on computer vision (ECCV)},
	pages={233--248},
	year={2018}
}

@inproceedings{diehl2003svm,
	title={SVM incremental learning, adaptation and optimization},
	author={Diehl, Christopher P and Cauwenberghs, Gert},
	booktitle={Proceedings of the International Joint Conference on Neural Networks, 2003.},
	volume={4},
	pages={2685--2690},
	year={2003},
	organization={IEEE}
}

@article{ristin2015incremental,
	title={Incremental learning of random forests for large-scale image classification},
	author={Ristin, Marko and Guillaumin, Matthieu and Gall, Juergen and Van Gool, Luc},
	journal={IEEE transactions on pattern analysis and machine intelligence},
	volume={38},
	number={3},
	pages={490--503},
	year={2015},
	publisher={IEEE}
}

@Inbook{Geng2009,
	author="Geng, Xin
	and Smith-Miles, Kate",
	editor="Li, Stan Z.
	and Jain, Anil",
	title="Incremental Learning",
	bookTitle="Encyclopedia of Biometrics",
	year="2009",
	publisher="Springer US",
	address="Boston, MA",
	pages="731--735",
	isbn="978-0-387-73003-5",
	doi="10.1007/978-0-387-73003-5_304",
	url="https://doi.org/10.1007/978-0-387-73003-5_304"
}












